@Misc{DomCardList,
  Title = {{Dominion Base Card List}},
  Author = {{Dominion Strategy}},
  Year = 2014,
  Url = {http://dominionstrategy.com/card-lists/dominion-card-list/}
}
@Misc{DomOnline,
  Title = {{Play Dominion Online}},
  Author = {{Rio Grande Games, Making Fun}},
  Year = 2014,
  Url = {https://www.playdominion.com/Dominion/gameClient.html}
}
@Misc{MTGOnline,
  Title = {{Magic The Gathering Online}},
  Author = {{Wizards of the Coast}},
  Year = 2014,
  Url = {http://archive.wizards.com/Magic/Digital/MagicOnline.aspx}
}
@Misc{Dominiate,
  Title = {{Dominiate: Dominion Simulator}},
  Author = {{Robert Speer}},
  Year = 2011,
  Url = {http://rspeer.github.io/dominiate/play.html}
}
